@article{baird2020burncare,
  title={BurnCare tablet trainer to enhance burn injury care and treatment},
  author={Baird, Austin and Serio-Melvin, Maria and Hackett, Matthew and Clover, Marcia and McDaniel, Matthew and Rowland, Michael and Williams, Alicia and Wilson, Bradly},
  journal={BMC Emergency Medicine},
  volume={20},
  number={1},
  pages={1--10},
  year={2020},
  publisher={BioMed Central}
}

@article{baird2020biogears,
  title={BioGears: A C++ library for whole body physiology simulations},
  author={Baird, Austin and McDaniel, Matthew and White, Steven A and Tatum, Nathan and Marin, Lucas},
  journal={Journal of Open Source Software},
  volume={5},
  number={56},
  pages={2645},
  year={2020}
}

@article{baird2021multiscale,
  title={A multiscale computational model of angiogenesis after traumatic brain injury, investigating the role location plays in volumetric recovery},
  author={Baird, Austin and Oelsner, Laura and Fisher, Charles and Witte, Matt and Huynh, My},
  journal={Mathematical Biosciences and Engineering},
  volume={18},
  number={4},
  pages={3227--3257},
  year={2021}
}

@article{battista2015mathematical,
  title={A Mathematical Model and MATLAB Code for Muscle--Fluid--Structure Simulations},
  author={Battista, Nicholas A and Baird, Austin J and Miller, Laura A},
  journal={Integrative and comparative biology},
  volume={55},
  number={5},
  pages={901--911},
  year={2015},
  publisher={Oxford University Press}
}

@article{baird2020biogears,
  title={BioGears: A C++ library for whole body physiology simulations},
  author={Baird, Austin and McDaniel, Matthew and White, Steven A and Tatum, Nathan and Marin, Lucas},
  journal={Journal of Open Source Software},
  volume={5},
  number={56},
  pages={2645},
  year={2020}
}

@article{baird2020burncare,
  title={BurnCare tablet trainer to enhance burn injury care and treatment},
  author={Baird, Austin and Serio-Melvin, Maria and Hackett, Matthew and Clover, Marcia and McDaniel, Matthew and Rowland, Michael and Williams, Alicia and Wilson, Bradly},
  journal={BMC Emergency Medicine},
  volume={20},
  number={1},
  pages={1--10},
  year={2020},
  publisher={BioMed Central}
}

@article{baird2020multiscale,
  title={ A multiscale computational model of angiogenesis after traumatic brain injury, investigating the role location plays in volumetric recovery},
  author={Baird, Austin and Oelsner, Laura and Fisher, Charles and Witte, Matt and Huynh, My},
  journal={Journal of Theoretical Biology, \textit{in review}},
  year={2020}
}

@article{battista2015mathematical,
  title={A Mathematical Model and MATLAB Code for Muscle--Fluid--Structure Simulations},
  author={Battista, Nicholas A and Baird, Austin J and Miller, Laura A},
  journal={Integrative and comparative biology},
  volume={55},
  number={5},
  pages={901--911},
  year={2015},
  publisher={Oxford University Press}
}


@article{battista2015mathematical,
  title={A Mathematical Model and MATLAB Code for Muscle--Fluid--Structure Simulations},
  author={Battista, Nicholas A and Baird, Austin J and Miller, Laura A},
  journal={Integrative and comparative biology},
  volume={55},
  number={5},
  pages={901--911},
  year={2015},
  publisher={Oxford University Press}
}

@article{baird2015neuromechanical,
  title={Neuromechanical Pumping: Boundary Flexibility and Traveling Depolarization Waves Drive Flow Within Valveless, Tubular Hearts},
  author={Baird, Austin and Waldrop, Lindsay and Miller, Laura},
  journal={Japan Journal of Industrial and Applied Mathematics},
  volume={32},
  number={3},
  pages={829--846},
  year={2015},
  publisher={Springer}
}

@article{mcdaniel2019open,
  title={Open Source Pharmacokinetic/Pharmacodynamic Framework: Tutorial on the BioGears Engine},
  author={McDaniel, Matthew and Carter, Jennifer and Keller, Jonathan M and White, Steven A and Baird, Austin},
  journal={CPT: pharmacometrics \& systems pharmacology},
  volume={8},
  number={1},
  pages={12--25},
  year={2019},
  publisher={Wiley Online Library}
}

@article{baird2014numerical,
  title={Numerical Study of Scaling Effects in Peristalsis and Dynamic Suction Pumping},
  author={Baird, A and King, T and Miller, LA},
  journal={Contemp. Math},
  volume={628},
  pages={129--148},
  year={2014}
}

@inproceedings{mcdaniel2019full,
  title={A Full-Body Model of Burn Pathophysiology and Treatment Using the BioGears Engine},
  author={McDaniel, Matthew and Baird, Austin},
  booktitle={2019 41st Annual International Conference of the IEEE Engineering in Medicine and Biology Society (EMBC)},
  pages={261--264},
  year={2019},
  organization={IEEE}
}

@article{mcdaniel2019whole,
  title={A Whole-Body Mathematical Model of Sepsis Progression and Treatment Designed in the BioGears Physiology Engine},
  author={McDaniel, Matthew and Keller, Jonathan and White, Steven and Baird, Austin},
  journal={Frontiers in physiology},
  volume={10},
  pages={1321},
  year={2019},
  publisher={Frontiers}
}

@article{baird2014modeling,
  title={Modeling Valveless Pumping Mechanisms},
  author={Baird, Austin},
  journal={College of Arts and Sciences, Department of Mathematics},
  year={2014}
}

@inproceedings{baird2013electro,
  title={Electro-Dynamic Suction Pumping at Small Scales},
  author={Baird, Austin and Miller, Laura},
  booktitle={APS Division of Fluid Dynamics Meeting Abstracts},
  year={2013}
}